<?xml version="1.0" encoding="UTF-8"?><collection xmlns="http://www.loc.gov/MARC21/slim"><record><leader>00557nam--2200193-i-4500</leader><controlfield tag="001">000012620</controlfield><controlfield tag="002">20161230</controlfield><controlfield tag="005">20161230201029</controlfield><controlfield tag="008">060222s1000------------r-----000-0-eng-d</controlfield><datafield ind1=" " ind2=" " tag="020"><subfield code="a">0855011459</subfield></datafield><datafield ind1=" " ind2=" " tag="040"><subfield code="a">IFIN-HH</subfield></datafield><datafield ind1=" " ind2=" " tag="080"><subfield code="a">539.143.44(061.3):54(061.3):61(061.3)</subfield></datafield><datafield ind1="1" ind2=" " tag="100"><subfield code="a">Smith, J.A.S</subfield></datafield><datafield ind1="1" ind2="0" tag="245"><subfield code="a">Advances in nuclear quadrupole resonance</subfield><subfield code="b">Volume 2</subfield><subfield code="c">J.a.s. smith (ed.)</subfield></datafield><datafield ind1=" " ind2=" " tag="260"><subfield code="a">London</subfield><subfield code="b">Heyden</subfield><subfield code="c">1975</subfield></datafield><datafield ind1=" " ind2=" " tag="300"><subfield code="a">272P</subfield></datafield><datafield ind1=" " ind2=" " tag="490"><subfield code="a">Advances In Nuclear Quadrupole Resonance</subfield></datafield><datafield ind1=" " ind2=" " tag="852"><subfield code="a">42687</subfield><subfield code="c">539.143.43</subfield></datafield><datafield ind1=" " ind2=" " tag="CAT"><subfield code="a">Sys</subfield><subfield code="c">20120509</subfield><subfield code="h">154409</subfield></datafield></record></collection>